@online{antminer2018,
  title   = {Antminer S19 Pro},
  date    = {2018},
  url     = {https://antminers9.com.au/product/antminer-s19-pro/},
  urldate = {2020-04-02}
}

@techreport{back2002,
  author = {Back, Adam},
  title  = {Hashcash - A Denial of Service Counter-Measure},
  date   = {2002-08-01}
}

@inproceedings{bastiaan2015,
  title   = {Preventing the 51\%-Attack: a Stochastic Analysis of Two Phase Proof of Work in Bitcoin},
  author  = {Martijn Bastiaan},
  year    = {2015},
  urldate = {2020-03-29}
}

@online{bitcoinhashrate2020,
  title   = {Total Hash Rate (TH/s)},
  date    = {2020},
  url     = {https://www.blockchain.com/charts/hash-rate},
  urldate = {2020-11-01}
}

@online{bitcoinmarketcap2020,
  title   = {Market Capitalization},
  date    = {2020},
  url     = {https://www.blockchain.com/charts/market-cap},
  urldate = {2020-03-19}
}

@online{bitcoinpools2020,
  title   = {Hashrate Distribution},
  date    = {2020},
  url     = {https://www.blockchain.com/pools},
  urldate = {2020-03-19}
}

@online{chainquery2020,
  title   = {ChainQuery getdifficulty},
  date    = {2020},
  url     = {https://chainquery.com/bitcoin-cli/getdifficulty},
  urldate = {2020-10-26}
}

@online{buterin2015,
  author  = {Buterin, Vitalik},
  date    = {2015-06-06},
  title   = {The Problem of Censorship},
  url     = {https://blog.ethereum.org/2015/06/06/the-problem-of-censorship/},
  urldate = {2020-03-30}
}

@online{cambridge2020,
  title   = {Cambridge Bitcoin Electricity Consumption Index},
  year    = {2020},
  url     = {https://www.cbeci.org/},
  urldate = {2020-11-01}
}

@article{chepurnoy2020,
  title   = {Bypassing Non-Outsourceable Proof-of-Work Schemes Using Collateralized Smart Contracts},
  author  = {Alexander Chepurnoy and Amitabh Saxena},
  journal = {IACR Cryptology ePrint Archive},
  year    = {2020},
  volume  = {2020},
  pages   = {44}
}

@online{difficulty2019,
  title   = {Difficulty},
  date    = {2019-12-17},
  url     = {https://en.bitcoin.it/wiki/Difficulty},
  urldate = {2020-03-30}
}

@online{ghash2019,
  title   = {GHash.IO},
  year    = {2019},
  url     = {http://web.archive.org/web/20200111195539/http://ghash.io/},
  urldate = {2020-04-01}
}

@report{hilemanrauchs2017,
  author = {Hileman, Garrick and Rauchs, Michel},
  date   = {2017-04-06},
  title  = {2017 Global Cryptocurrency Benchmarking Study}
}

@article{lamportshostakpease1982,
  author     = {Lamport, Leslie and Shostak, Robert and Pease, Marshall},
  title      = {The Byzantine Generals Problem},
  year       = {1982},
  issue_date = {July 1982},
  publisher  = {Association for Computing Machinery},
  address    = {New York, NY, USA},
  volume     = {4},
  number     = {3},
  issn       = {0164-0925},
  url        = {https://doi.org/10.1145/357172.357176},
  doi        = {10.1145/357172.357176},
  journal    = {ACM Trans. Program. Lang. Syst.},
  month      = jul,
  pages      = {382–401},
  numpages   = {20}
}

@techreport{nakamoto2009,
  author = {Nakamoto, Satoshi},
  title  = {Bitcoin: A peer-to-peer electronic cash system},
  year   = {2009}
}

@book{osborne1994,
  added-at  = {2011-05-02T14:47:23.000+0200},
  address   = {Cambridge, USA},
  author    = {Osborne, Martin J. and Rubinstein, Ariel},
  biburl    = {https://www.bibsonomy.org/bibtex/201d977a0bbac56048c923f5c1678b792/rincedd},
  file      = {Osborne1994 - A course in game theory.pdf:Evolutionary Game Theory/Osborne1994 - A course in game theory.pdf:PDF},
  groups    = {public},
  interhash = {5d31f2a1e0ff6e02f13672926df9a881},
  intrahash = {01d977a0bbac56048c923f5c1678b792},
  isbn      = {0-262-65040-1},
  keywords  = {game-theory},
  note      = {electronic edition},
  publisher = {The MIT Press},
  timestamp = {2011-05-02T14:47:23.000+0200},
  title     = {A course in game theory},
  username  = {rincedd},
  year      = 1994
}

@article{posnerweyl2017,
  author   = {Posner, Eric A. and Weyl, E. Glen},
  title    = {{Property Is Only Another Name for Monopoly}},
  journal  = {Journal of Legal Analysis},
  volume   = {9},
  number   = {1},
  pages    = {51-123},
  year     = {2017},
  month    = {04},
  issn     = {2161-7201},
  doi      = {10.1093/jla/lax001},
  url      = {https://doi.org/10.1093/jla/lax001},
  eprint   = {https://academic.oup.com/jla/article-pdf/9/1/51/17648497/lax001.pdf}
}

@inproceedings{smartpool2017,
  author    = {Luu, Loi and Velner, Yaron and Teutsch, Jason and Saxena, Prateek},
  title     = {SMARTPOOL: Practical Decentralized Pooled Mining},
  year      = {2017},
  isbn      = {9781931971409},
  publisher = {USENIX Association},
  address   = {USA},
  booktitle = {Proceedings of the 26th USENIX Conference on Security Symposium},
  pages     = {1409–1426},
  numpages  = {18},
  location  = {Vancouver, BC, Canada},
  series    = {SEC’17}
}

@inproceedings{wangliu2015,
  author    = {Wang, Luqin and Liu, Yong},
  editor    = {Mirkovic, Jelena and Liu, Yong},
  title     = {Exploring Miner Evolution in Bitcoin Network},
  booktitle = {Passive and Active Measurement},
  year      = {2015},
  publisher = {Springer International Publishing},
  address   = {Cham},
  pages     = {290--302},
  isbn      = {978-3-319-15509-8}
}

@InProceedings{oceanic2020,
    author="Leonardos, Nikos
    and Leonardos, Stefanos
    and Piliouras, Georgios",
    editor="Pardalos, Panos
    and Kotsireas, Ilias
    and Guo, Yike
    and Knottenbelt, William",
    title="Oceanic Games: Centralization Risks and Incentives in Blockchain Mining",
    booktitle="Mathematical Research for Blockchain Economy",
    year="2020",
    publisher="Springer International Publishing",
    address="Cham",
    pages="183--199",
    isbn="978-3-030-37110-4"
}

@manual{mermaid,
    author = {Open Source},
    title = {Mermaid},
    url = {https://mermaid-js.github.io/},
    urldate = {2020-11-01}
}

@manual{typescript2020,
    author = {Microsoft},
    title = {TypeScript},
    url = {https://www.typescriptlang.org/},
    urldate = {2020-11-01}
}

@manual{chartjs,
    author = {Open Source},
    title = {Chart.js},
    url = {https://www.chartjs.org/docs},
    urldate = {2020-11-01}
}

@INPROCEEDINGS{centralisation2015,
  author={A. {Beikverdi} and J. {Song}},
  booktitle={2015 IEEE/ACIS 16th International Conference on Software Engineering, Artificial Intelligence, Networking and Parallel/Distributed Computing (SNPD)}, 
  title={Trend of centralization in Bitcoin's distributed network}, 
  year={2015},
  volume={},
  number={},
  pages={1-6},
  doi={10.1109/SNPD.2015.7176229}
}

@online{p2pool,
    author = {Open Source},
    title = {P2Pool},
    url = {http://p2pool.in/},
    urldate = {2020-11-01}
}

@book{karlin2012first,
  title={A First Course in Stochastic Processes},
  author={Karlin, S. and Taylor, H.E.},
  isbn={9780080570419},
  url={https://books.google.com.au/books?id=dSDxjX9nmmMC},
  year={2012},
  publisher={Elsevier Science}
}

@article{auctions1987,
 ISSN = {00220515},
 URL = {http://www.jstor.org/stable/2726107},
 author = {R. Preston McAfee and John McMillan},
 journal = {Journal of Economic Literature},
 number = {2},
 pages = {699--738},
 publisher = {American Economic Association},
 title = {Auctions and Bidding},
 volume = {25},
 year = {1987}
}

@inproceedings{prism,
author={M. Kwiatkowska and G. Norman and D. Parker},
title={{PRISM} 4.0: Verification of Probabilistic Real-time Systems},
booktitle={Proc. 23rd International Conference on Computer Aided Verification (CAV'11)},
year={2011},
editor={G. Gopalakrishnan and S. Qadeer},
pages={585--591},
organization={},
publisher={Springer},
series={LNCS},
volume={6806},
address={},
month={},
note={},
key={}
}

@InProceedings{prismgames,
author={M. Kwiatkowska and G. Norman and D. Parker and G. Santos},
title={{PRISM}-games 3.0: Stochastic Game Verification with Concurrency, Equilibria and Time},
booktitle={Proc. 32nd International Conference on Computer Aided Verification (CAV'20)},
year={2020},
editors={},
pages={475--487},
organization={},
publisher={Springer},
series={LNCS},
volume={12225},
address={},
month={},
note={},
key={}
}